<record><leader>00000cas a2200000 a 4500</leader><controlfield tag="001">23882364</controlfield><controlfield tag="008">910604d18701870iluwr ne      0   a0eng c</controlfield><datafield ind1=" " ind2=" " tag="010"><subfield code="a">sn 91055998 </subfield></datafield><datafield ind1=" " ind2=" " tag="040"><subfield code="a">NVF</subfield><subfield code="b">eng</subfield><subfield code="c">NVF</subfield><subfield code="d">NVF</subfield><subfield code="d">OCLCQ</subfield><subfield code="d">OCLCF</subfield><subfield code="d">OCLCO</subfield><subfield code="d">NVF</subfield></datafield><datafield ind1=" " ind2=" " tag="042"><subfield code="a">pcc</subfield></datafield><datafield ind1=" " ind2=" " tag="043"><subfield code="a">n-us-il</subfield></datafield><datafield ind1="0" ind2="0" tag="245"><subfield code="a">Onarga weekly review.</subfield></datafield><datafield ind1="1" ind2="3" tag="246"><subfield code="a">Weekly Onarga review</subfield></datafield><datafield ind1=" " ind2=" " tag="260"><subfield code="a">Onarga, Ill. :</subfield><subfield code="b">Lowe &amp; Gilson,</subfield><subfield code="c">1870.</subfield></datafield><datafield ind1=" " ind2=" " tag="300"><subfield code="a">v.</subfield></datafield><datafield ind1=" " ind2=" " tag="310"><subfield code="a">Weekly</subfield></datafield><datafield ind1="0" ind2=" " tag="362"><subfield code="a">Vol. 5, no. 1 (Jan. 8, 1870)-   = whole no. 202-</subfield></datafield><datafield ind1="1" ind2=" " tag="362"><subfield code="a">Suspended with Oct. 15, 1870 issue.</subfield></datafield><datafield ind1=" " ind2=" " tag="500"><subfield code="a">"Weekly" appears above masthead ornament.</subfield></datafield><datafield ind1=" " ind2=" " tag="588"><subfield code="a">Latest issue consulted: Vol. 5, no. 41 (Oct. 15, 1870) = whole no. 242.</subfield></datafield><datafield ind1=" " ind2="0" tag="651"><subfield code="a">Onarga (Ill.)</subfield><subfield code="v">Newspapers.</subfield></datafield><datafield ind1=" " ind2="7" tag="651"><subfield code="a">Illinois</subfield><subfield code="z">Onarga.</subfield><subfield code="2">fast</subfield><subfield code="0">(OCoLC)fst01217726</subfield></datafield><datafield ind1=" " ind2="7" tag="655"><subfield code="a">Newspapers.</subfield><subfield code="2">fast</subfield><subfield code="0">(OCoLC)fst01423814</subfield></datafield><datafield ind1=" " ind2=" " tag="752"><subfield code="a">United States</subfield><subfield code="b">Illinois</subfield><subfield code="c">Iroquois County</subfield><subfield code="d">Onarga.</subfield></datafield><datafield ind1="0" ind2="0" tag="780"><subfield code="t">Grand prairie review</subfield><subfield code="w">(DLC)sn 91055997</subfield><subfield code="w">(OCoLC)23882275</subfield></datafield><datafield ind1="1" ind2=" " tag="029"><subfield code="a">AU@</subfield><subfield code="b">000020751262</subfield></datafield></record>